<?xml version="1.0" encoding="UTF-8" ?>
<collection xmlns:xsi="http://www.w3.org/2001/XMLSchema-instance"
    xsi:schemaLocation="http://www.loc.gov/MARC21/slim
        http://www.loc.gov/standards/marcxml/schema/MARC21slim.xsd"
    xmlns="http://www.loc.gov/MARC21/slim">
<record>
  <leader>00237cam a2200445 i 4500</leader>
  <controlfield tag="001">b12442410</controlfield>
  <controlfield tag="003">LeBAU</controlfield>
  <controlfield tag="005">20161221</controlfield>
  <controlfield tag="008">970509s1909    ua            000 0 ara d</controlfield>
  <datafield tag="035" ind1=" " ind2=" ">
    <subfield code="a">ocn784319917</subfield>
  </datafield>
  <datafield tag="040" ind1=" " ind2=" ">
    <subfield code="a">LEAUB</subfield>
    <subfield code="b">ara</subfield>
    <subfield code="e">rda</subfield>
    <subfield code="c">LEAUB</subfield>
    <subfield code="d">LEAUB</subfield>
  </datafield>
  <datafield tag="082" ind1="0" ind2="4">
    <subfield code="a">349.297</subfield>
    <subfield code="2">20</subfield>
  </datafield>
  <datafield tag="100" ind1="0" ind2=" ">
    <subfield code="6">880-01</subfield>
    <subfield code="a">Walī Allāh al-Dihlawī,</subfield>
    <subfield code="d">1702 or 1703-1762 or 1763,</subfield>
    <subfield code="e">author.</subfield>
  </datafield>
  <datafield tag="245" ind1="1" ind2="0">
    <subfield code="6">880-02</subfield>
    <subfield code="a">Hādhihi Majmūʻah mushtamilah ʻalá thalāth rasāʼil :</subfield>
    <subfield code="b">al-ūlá al-musammāt bi-al-Inṣāf fī Bayān Sabab al-Ikhtilāf ; wa-al-thānīya al-musammāt ‘Iqd al-Jīd fī Aḥkām al-Ijtihād wa-al-Taqlīd /</subfield>
    <subfield code="c">taṣnīf ‘ālim al-zamān fakhr al-‘ulamā’ khatm al-muḥaddithīn mujaddid al-qarn al-thānī ‘ashar Shāh Waliy Allah al-Dihlawī al-mutawaffá sanat 1180. Wa-al-thālithah al-musammāt bi-al-Aqwāl al-Mu‘arrabah ‘an Aḥwāl al-Ashribah / ta’līf ‘allāmat zamānihi wa-mujtahid awānihi shaykh al-Islām wa-muftī al-anām al-shaykh Ḥasan al-Jabratī al-Ḥanafī, muftī al-Dīyar al-Miṣrīyah al-mutawaffá sanat 1180.</subfield>
  </datafield>
  <datafield tag="264" ind1=" " ind2="1">
    <subfield code="6">880-03</subfield>
    <subfield code="a">Miṣr :</subfield>
    <subfield code="b">Maṭbaʻat Sharikat al-Maṭbūʻāt al-ʻIlmīyah,</subfield>
    <subfield code="c">1327 H., [1909 M.]</subfield>
  </datafield>
  <datafield tag="300" ind1=" " ind2=" ">
    <subfield code="6">880-04</subfield>
    <subfield code="a">64 pages ;</subfield>
    <subfield code="c">23 cm</subfield>
  </datafield>
  <datafield tag="336" ind1=" " ind2=" ">
    <subfield code="a">text</subfield>
    <subfield code="b">txt</subfield>
    <subfield code="2">rdacontent</subfield>
  </datafield>
  <datafield tag="337" ind1=" " ind2=" ">
    <subfield code="a">unmediated</subfield>
    <subfield code="b">n</subfield>
    <subfield code="2">rdamedia </subfield>
  </datafield>
  <datafield tag="338" ind1=" " ind2=" ">
    <subfield code="a">volume</subfield>
    <subfield code="b">nc</subfield>
    <subfield code="2">rdacarrier </subfield>
  </datafield>
  <datafield tag="650" ind1=" " ind2="4">
    <subfield code="a">الفقه الاسلامي</subfield>
    <subfield code="v">اعمال قديمة حتى 1800.</subfield>
  </datafield>
  <datafield tag="650" ind1=" " ind2="4">
    <subfield code="a">الفقه الاسلامي</subfield>
    <subfield code="x">تفسير وبنية</subfield>
    <subfield code="v">اعمال قديمة حتى 1800.</subfield>
  </datafield>
  <datafield tag="650" ind1=" " ind2="4">
    <subfield code="a">المشروبات الكحولية</subfield>
    <subfield code="x">النواحي الدينية</subfield>
    <subfield code="x">الاسلام</subfield>
    <subfield code="v">اعمال قديمة حتى 1800.</subfield>
  </datafield>
  <datafield tag="650" ind1=" " ind2="0">
    <subfield code="a">Islamic law</subfield>
    <subfield code="v">Early works to 1800.</subfield>
  </datafield>
  <datafield tag="650" ind1=" " ind2="0">
    <subfield code="a">Islamic law</subfield>
    <subfield code="x">Interpretation and construction</subfield>
    <subfield code="v">Early works to 1800.</subfield>
  </datafield>
  <datafield tag="650" ind1=" " ind2="0">
    <subfield code="a">Alcoholic beverages</subfield>
    <subfield code="x">Religious aspects</subfield>
    <subfield code="x">Islam</subfield>
    <subfield code="v">Early works to 1800.</subfield>
  </datafield>
  <datafield tag="700" ind1="0" ind2="2">
    <subfield code="6">880-05</subfield>
    <subfield code="a">Walī Allāh al-Dihlawī,</subfield>
    <subfield code="d">1702 or 1703-1762 or 1763.</subfield>
    <subfield code="t">Inṣāf fī Bayān Sabab al-Ikhtilāf.</subfield>
  </datafield>
  <datafield tag="700" ind1="0" ind2="2">
    <subfield code="6">880-06</subfield>
    <subfield code="a">Walī Allāh al-Dihlawī,</subfield>
    <subfield code="d">1702 or 1703-1762 or 1763.</subfield>
    <subfield code="t">‘Iqd al-Jīd fī Aḥkām al-Ijtihād wa-al-Taqlīd.</subfield>
  </datafield>
  <datafield tag="700" ind1="0" ind2="2">
    <subfield code="6">880-07</subfield>
    <subfield code="a">Jabartī, Ḥasan ibn Ibrāhīm,</subfield>
    <subfield code="d">1698 or 1699-1774?.</subfield>
    <subfield code="t">Aqwāl al-Mu‘arrabah ‘an Aḥwāl al-Ashribah.</subfield>
  </datafield>
  <datafield tag="852" ind1=" " ind2=" ">
    <subfield code="a">Jafet Library</subfield>
    <subfield code="e">American University of Beirut, Bliss Street , Beirut, Lebanon.</subfield>
  </datafield>
  <datafield tag="880" ind1="0" ind2=" ">
    <subfield code="6">100-01/(3/r</subfield>
    <subfield code="a">ولي الله الدهلوي،</subfield>
    <subfield code="d">1702 او 1703-1762 او 1763،</subfield>
    <subfield code="e">مؤلف. </subfield>
    <subfield code="4">aut.</subfield>
  </datafield>
  <datafield tag="880" ind1="1" ind2="0">
    <subfield code="6">245-02/(3/r</subfield>
    <subfield code="a">هذه مجموعة مشتملة على ثلاث رسائل :</subfield>
    <subfield code="b">الأولى المسماة بالإنصاف في بيان سبب الإختلاف ؛ والثانية المسماة عقد الجيد في أحكام الإجتهاد والتقليد /</subfield>
    <subfield code="c">تصنيف عالم الزمان فخر العلماء ختم المحدثين مجدد القرن الثاني عشر شاه ولي الله الدهلوي المتوفى سنة 1180 .والثالثة المسماة بالأقوال المعربة عن أحوال الأشربة / تأليف علامة زمانه ومجتهد أوانه شيخ الإسلام ومفتي الأنام الشيخ حسن الجبرتي الحنفي، مفتي الديار المصرية المتوفى سنة 1180.</subfield>
  </datafield>
  <datafield tag="880" ind1=" " ind2="1">
    <subfield code="6">264-03/(3/r</subfield>
    <subfield code="a">مصر :</subfield>
    <subfield code="b">مطبعة شركة المطبوعات العلمية،</subfield>
    <subfield code="c">1327 هـ.، [1909 م.]</subfield>
  </datafield>
  <datafield tag="880" ind1=" " ind2=" ">
    <subfield code="6">300-04/(3/r</subfield>
    <subfield code="a">64 صفحة ؛</subfield>
    <subfield code="c">23 سم</subfield>
  </datafield>
  <datafield tag="880" ind1="0" ind2="2">
    <subfield code="6">700-05/(3/r</subfield>
    <subfield code="a">ولي الله الدهلوي،</subfield>
    <subfield code="d">1702 او 1703-1762 او 1763.</subfield>
    <subfield code="t">الإنصاف في بيان سبب الإختلاف.</subfield>
  </datafield>
  <datafield tag="880" ind1="0" ind2="2">
    <subfield code="6">700-06/(3/r</subfield>
    <subfield code="a">ولي الله الدهلوي،</subfield>
    <subfield code="d">1702 او 1703 او 1762 او 1763.</subfield>
    <subfield code="t">عقد الجيد في أحكام الإجتهاد والتقليد.</subfield>
  </datafield>
  <datafield tag="880" ind1="0" ind2="2">
    <subfield code="6">700-07/(3/r</subfield>
    <subfield code="a">الجبرتي، حسن بن ابراهيم،</subfield>
    <subfield code="d">1698 او 1699-1774؟.</subfield>
    <subfield code="t">الأقوال المعربة عن أحوال الأشربة.</subfield>
  </datafield>
  <datafield tag="907" ind1=" " ind2=" ">
    <subfield code="a">.b12442410</subfield>
    <subfield code="b">17-01-09</subfield>
    <subfield code="c">11-05-24</subfield>
  </datafield>
  <datafield tag="907" ind1=" " ind2=" ">
    <subfield code="a">.b12442410</subfield>
    <subfield code="b">11-10-11</subfield>
    <subfield code="c">11-05-24</subfield>
  </datafield>
  <datafield tag="945" ind1=" " ind2=" ">
    <subfield code="f">J</subfield>
    <subfield code="a">349.297:D13mA:c.1</subfield>
    <subfield code="i">01019658</subfield>
    <subfield code="j">.i12918131</subfield>
    <subfield code="l">u0503</subfield>
  </datafield>
  <datafield tag="998" ind1=" " ind2=" ">
    <subfield code="a">u05</subfield>
    <subfield code="b">97-05-09</subfield>
    <subfield code="c">m</subfield>
    <subfield code="d">a</subfield>
    <subfield code="e">-</subfield>
    <subfield code="f">ara</subfield>
    <subfield code="g">ua </subfield>
    <subfield code="h">0</subfield>
    <subfield code="i">1</subfield>
  </datafield>
</record>
</collection>
